<record><leader>00000cas a22000007a 4500</leader><controlfield tag="001">1590425</controlfield><controlfield tag="008">750901d19661966mnuwr ne      0    0eng d</controlfield><datafield ind1=" " ind2=" " tag="010"><subfield code="a">sn 90060955 </subfield></datafield><datafield ind1=" " ind2=" " tag="040"><subfield code="a">MUL</subfield><subfield code="b">eng</subfield><subfield code="c">MUL</subfield><subfield code="d">MN#</subfield><subfield code="d">OCL</subfield><subfield code="d">OCLCQ</subfield><subfield code="d">OCLCF</subfield><subfield code="d">OCLCO</subfield></datafield><datafield ind1="1" ind2=" " tag="029"><subfield code="a">AU@</subfield><subfield code="b">000025850406</subfield></datafield><datafield ind1=" " ind2=" " tag="042"><subfield code="a">msc</subfield></datafield><datafield ind1=" " ind2=" " tag="043"><subfield code="a">n-us-mn</subfield></datafield><datafield ind1=" " ind2=" " tag="052"><subfield code="a">4144</subfield><subfield code="b">R8</subfield></datafield><datafield ind1=" " ind2=" " tag="052"><subfield code="a">4143</subfield><subfield code="b">R2</subfield></datafield><datafield ind1="0" ind2=" " tag="130"><subfield code="a">Suburban life (Roseville, Minn. : Roseville ed.)</subfield></datafield><datafield ind1="0" ind2="0" tag="245"><subfield code="a">Suburban life.</subfield></datafield><datafield ind1=" " ind2=" " tag="250"><subfield code="a">[Roseville ed.].</subfield></datafield><datafield ind1=" " ind2=" " tag="260"><subfield code="a">Roseville, Minn. :</subfield><subfield code="b">North Suburban Newspapers,</subfield><subfield code="c">1966.</subfield></datafield><datafield ind1=" " ind2=" " tag="300"><subfield code="a">1 v.</subfield></datafield><datafield ind1=" " ind2=" " tag="310"><subfield code="a">Weekly</subfield></datafield><datafield ind1="0" ind2=" " tag="362"><subfield code="a">Vol. 84, no. 3 (July 27, 1966)-v. 84, no. 11 (Sept. 21, 1966).</subfield></datafield><datafield ind1=" " ind2=" " tag="530"><subfield code="a">Available on microfilm from the Minnesota Historical Society.</subfield></datafield><datafield ind1=" " ind2="0" tag="651"><subfield code="a">Roseville (Minn.)</subfield><subfield code="v">Newspapers.</subfield></datafield><datafield ind1=" " ind2="7" tag="655"><subfield code="a">Newspapers.</subfield><subfield code="2">fast</subfield><subfield code="0">(OCoLC)fst01423814</subfield></datafield><datafield ind1=" " ind2="7" tag="651"><subfield code="a">Minnesota</subfield><subfield code="z">Roseville.</subfield><subfield code="2">fast</subfield><subfield code="0">(OCoLC)fst01217317</subfield></datafield><datafield ind1=" " ind2=" " tag="752"><subfield code="a">United States</subfield><subfield code="b">Minnesota</subfield><subfield code="c">Ramsey</subfield><subfield code="d">Roseville.</subfield></datafield><datafield ind1="0" ind2="0" tag="780"><subfield code="t">Ramsey County Suburban life (Roseville, Minn. : Roseville ed.)</subfield><subfield code="w">(DLC)sn 90060927</subfield></datafield><datafield ind1="0" ind2="7" tag="785"><subfield code="t">Suburban life (Roseville, Minn. : Shoreview-Arden Hills ed.)</subfield><subfield code="w">(DLC)sn 90060952</subfield></datafield><datafield ind1="0" ind2="7" tag="785"><subfield code="t">Suburban life (Roseville, Minn. : 1966)</subfield><subfield code="w">(DLC)sn 90060954</subfield></datafield></record>